% This file was created with JabRef 2.6.
% Encoding: ISO8859_1

@ARTICLE{Adloff:2000tq,
  author = {Adloff, C. and others},
  title = {{Measurement and QCD analysis of jet cross sections in deep-inelastic
	positron proton collisions at s**(1/2) of 300-GeV}},
  journal = {Eur. Phys. J.},
  year = {2001},
  volume = {C19},
  pages = {289},
  archiveprefix = {arXiv},
  collaboration = {H1},
  doi = {10.1007/s100520100621},
  eprint = {hep-ex/0010054},
  review = {fnh1001},
  slaccitation = {%%CITATION = HEP-EX/0010054;%%},
  timestamp = {2009.03.01}
}

@ARTICLE{Chekanov:2002be,
  author = {Chekanov, S. and others},
  title = {{Inclusive jet cross sections in the Breit frame in neutral current
	deep inelastic scattering at HERA and determination of alpha(s)}},
  journal = {Phys. Lett.},
  year = {2002},
  volume = {B547},
  pages = {164},
  archiveprefix = {arXiv},
  collaboration = {ZEUS},
  doi = {10.1016/S0370-2693(02)02763-6},
  eprint = {hep-ex/0208037},
  review = {fnh1002},
  slaccitation = {%%CITATION = HEP-EX/0208037;%%},
  timestamp = {2011.06.27}
}

@ARTICLE{Chekanov:2006xr,
  author = {Chekanov, S. and others},
  title = {{Inclusive-jet and dijet cross sections in deep inelastic scattering
	at HERA}},
  journal = {Nucl. Phys.},
  year = {2007},
  volume = {B765},
  pages = {1},
  archiveprefix = {arXiv},
  collaboration = {ZEUS},
  doi = {10.1016/j.nuclphysb.2006.09.018},
  eprint = {hep-ex/0608048},
  review = {fnh2001},
  slaccitation = {%%CITATION = HEP-EX/0608048;%%},
  timestamp = {2011.06.27}
}

@ARTICLE{Aktas:2007pb,
  author = {Aktas, A. and others},
  title = {{Measurement of Inclusive Jet Production in Deep-Inelastic Scattering
	at High Q^2 and Determination of the Strong Coupling}},
  journal = {Phys. Lett.},
  year = {2007},
  volume = {B653},
  pages = {134},
  archiveprefix = {arXiv},
  collaboration = {H1},
  doi = {10.1016/j.physletb.2007.07.050},
  eprint = {0706.3722},
  primaryclass = {hep-ex},
  review = {fnh2003},
  slaccitation = {%%CITATION = 0706.3722;%%},
  timestamp = {2011.06.27}
}

@ARTICLE{Abelev:2006uq,
  author = {Abelev, B. I. and others},
  title = {{Longitudinal double-spin asymmetry and cross section for inclusive
	jet production in polarized proton collisions at s**(1/2) = 200-GeV}},
  journal = {Phys. Rev. Lett.},
  year = {2006},
  volume = {97},
  pages = {252001},
  archiveprefix = {arXiv},
  collaboration = {STAR},
  doi = {10.1103/PhysRevLett.97.252001},
  eprint = {hep-ex/0608030},
  review = {fnr0001},
  slaccitation = {%%CITATION = HEP-EX/0608030;%%},
  timestamp = {2009.03.03}
}

@ARTICLE{Affolder:2001fa,
  author = {Affolder, Anthony Allen and others},
  title = {{Measurement of the inclusive jet cross section in $\bar{p}p$ collisions
	at $\sqrt{s} = 1.8$ TeV}},
  journal = {Phys. Rev.},
  year = {2001},
  volume = {D64},
  pages = {032001},
  archiveprefix = {arXiv},
  collaboration = {CDF},
  doi = {10.1103/PhysRevD.64.032001},
  eprint = {hep-ph/0102074},
  review = {fnt1001},
  slaccitation = {%%CITATION = HEP-PH/0102074;%%},
  timestamp = {2009.03.02}
}

@ARTICLE{Abbott:2000ew,
  author = {Abbott, B. and others},
  title = {{Inclusive jet production in $p\bar{p}$ collisions}},
  journal = {Phys. Rev. Lett.},
  year = {2001},
  volume = {86},
  pages = {1707},
  archiveprefix = {arXiv},
  collaboration = {D0},
  doi = {10.1103/PhysRevLett.86.1707},
  eprint = {hep-ex/0011036},
  review = {fnt1002},
  slaccitation = {%%CITATION = HEP-EX/0011036;%%},
  timestamp = {2009.03.02}
}

@ARTICLE{Abbott:2000kp,
  author = {Abbott, B. and others},
  title = {{High-$p_T$ jets in $\bar{p}p$ collisions at $\sqrt{s} = 630$ GeV
	and 1800 GeV}},
  journal = {Phys. Rev.},
  year = {2001},
  volume = {D64},
  pages = {032003},
  archiveprefix = {arXiv},
  collaboration = {D0},
  doi = {10.1103/PhysRevD.64.032003},
  eprint = {hep-ex/0012046},
  review = {fnt1004},
  slaccitation = {%%CITATION = HEP-EX/0012046;%%},
  timestamp = {2009.03.01}
}

@ARTICLE{Abe:1992bk,
  author = {Abe, F. and others},
  title = {{Comparison of jet production in anti-p p collisions at S**(1/2)
	= 546-GeV and 1800-GeV}},
  journal = {Phys. Rev. Lett.},
  year = {1993},
  volume = {70},
  pages = {1376},
  collaboration = {CDF},
  doi = {10.1103/PhysRevLett.70.1376},
  review = {fnt1011},
  slaccitation = {%%CITATION = PRLTA,70,1376;%%},
  timestamp = {2011.06.27}
}

@ARTICLE{Abulencia:2007ez,
  author = {Abulencia, A. and others},
  title = {{Measurement of the Inclusive Jet Cross Section using the $k_{\rm
	T}$ algorithm in $p\overline{p}$ Collisions at $\sqrt{s} = 1.96\,$TeV
	with the CDF II Detector}},
  journal = {Phys. Rev.},
  year = {2007},
  volume = {D75},
  pages = {092006},
  archiveprefix = {arXiv},
  collaboration = {CDF - Run II},
  doi = {10.1103/PhysRevD.75.092006},
  eprint = {hep-ex/0701051},
  review = {fnt2004, fnt2005, fnt2006},
  slaccitation = {%%CITATION = HEP-EX/0701051;%%},
  timestamp = {2009.03.02}
}

@ARTICLE{Aaltonen:2008eq,
  author = {Aaltonen, T. and others},
  title = {{Measurement of the Inclusive Jet Cross Section at the Fermilab Tevatron
	p-pbar Collider Using a Cone-Based Jet Algorithm}},
  journal = {Phys. Rev.},
  year = {2008},
  volume = {D78},
  pages = {052006},
  archiveprefix = {arXiv},
  collaboration = {CDF},
  doi = {10.1103/PhysRevD.78.052006},
  eprint = {0807.2204},
  primaryclass = {hep-ex},
  review = {fnt2007},
  slaccitation = {%%CITATION = 0807.2204;%%},
  timestamp = {2009.03.02}
}

@ARTICLE{Abazov:2008hu,
  author = {Abazov, V. M. and others},
  title = {{Measurement of the inclusive jet cross section in $p \bar{p}$ collisions
	at $\sqrt{s}=1.96\,{\rm TeV}$}},
  journal = {Phys. Rev. Lett.},
  year = {2008},
  volume = {101},
  pages = {062001},
  archiveprefix = {arXiv},
  collaboration = {D0},
  doi = {10.1103/PhysRevLett.101.062001},
  eprint = {0802.2400},
  primaryclass = {hep-ex},
  review = {fnt2009},
  slaccitation = {%%CITATION = 0802.2400;%%},
  timestamp = {2009.03.02}
}

@ARTICLE{Aad:2010wv,
  author = {Aad, Georges and others},
  title = {{Measurement of inclusive jet and dijet cross sections in proton-proton
	collisions at 7 TeV centre-of-mass energy with the ATLAS detector}},
  journal = {Eur. Phys. J.},
  year = {2011},
  volume = {C71},
  pages = {1512},
  archiveprefix = {arXiv},
  collaboration = {Atlas},
  doi = {10.1140/epjc/s10052-010-1512-2},
  eprint = {1009.5908},
  primaryclass = {hep-ex},
  review = {fnl1001, fnl1002},
  slaccitation = {%%CITATION = 1009.5908;%%},
  timestamp = {2011.02.05}
}

@ARTICLE{Chatrchyan:2011mea,
  author = {{CMS Collaboration}},
  title = {{Measurement of the Inclusive Jet Cross Section in pp Collisions
	at $\sqrt{s} = 7\,$TeV}},
  journal = {Accepted by Phys. Rev. Lett.},
  year = {2011},
  archiveprefix = {arXiv},
  eprint = {1106.0208},
  primaryclass = {hep-ex},
  review = {fnl1014},
  timestamp = {2011.06.08}
}

