@article{Aad:2011fc,
      author         = "Aad, Georges and others",
      title          = "{Measurement of inclusive jet and dijet production in pp
                        collisions at sqrt(s) = 7 TeV using the ATLAS detector}",
      collaboration  = "ATLAS Collaboration",
      year           = "2011",
      eprint         = "1112.6297",
      archivePrefix  = "arXiv",
      primaryClass   = "hep-ex",
      reportNumber   = "CERN-PH-EP-2011-192",
      SLACcitation   = "%%CITATION = ARXIV:1112.6297;%%",
}


@article{Alekhin:2011sk,
      author         = "Alekhin, Sergey and Alioli, Simone and Ball, Richard D.
                        and Bertone, Valerio and Blumlein, Johannes and others",
      title          = "{The PDF4LHC Working Group Interim Report}",
      year           = "2011",
      eprint         = "1101.0536",
      archivePrefix  = "arXiv",
      primaryClass   = "hep-ph",
      SLACcitation   = "%%CITATION = ARXIV:1101.0536;%%",
}


%ABM11
@article{Alekhin:2012ig,
      author         = "Alekhin, S. and Blumlein, J. and Moch, S.",
      title          = "{Parton distribution functions and benchmark cross
                        sections at NNLO}",
      year           = "2012",
      eprint         = "1202.2281",
      archivePrefix  = "arXiv",
      primaryClass   = "hep-ph",
      reportNumber   = "DESY-12-023, DO-TH-11-31, LPN-12-033, SFB-CPP-12-08",
      SLACcitation   = "%%CITATION = ARXIV:1202.2281;%%",
}

% NNPDF 2.1
@article{Ball:2011mu,
      author         = "Ball, Richard D. and Bertone, Valerio and Cerutti,
                        Francesco and Del Debbio, Luigi and Forte, Stefano and
                        others",
      title          = "{Impact of Heavy Quark Masses on Parton Distributions and
                        LHC Phenomenology}",
      journal        = "Nucl.Phys.",
      volume         = "B849",
      pages          = "296-363",
      doi            = "10.1016/j.nuclphysb.2011.03.021",
      year           = "2011",
      eprint         = "1101.1300",
      archivePrefix  = "arXiv",
      primaryClass   = "hep-ph",
      reportNumber   = "EDINBURGH-2011-01, IFUM-969-FT, FR-PHENO-2010-043,
                        RWTH-TTK-11-02",
      SLACcitation   = "%%CITATION = ARXIV:1101.1300;%%",
}



@ONLINE{Fnlo:2012:Online,
    collaboration = {fastNLO},
    title = {FastNLO Homepage @ Hepforge },
    month = may,
    year = {2012},
    url = {http://fastnlo.hepforge.org/}
}

@article{Kidonakis:2000gi,
      author         = "Kidonakis, Nikolaos and Owens, J.F.",
      title          = "{Effects of higher order threshold corrections in high
                        E(T) jet production}",
      journal        = "Phys.Rev.",
      volume         = "D63",
      pages          = "054019",
      doi            = "10.1103/PhysRevD.63.054019",
      year           = "2001",
      eprint         = "hep-ph/0007268",
      archivePrefix  = "arXiv",
      primaryClass   = "hep-ph",
      reportNumber   = "FSU-HEP-2000-0720",
      SLACcitation   = "%%CITATION = HEP-PH/0007268;%%",
}


@article{Kluge:2006xs,
      author         = "Kluge, T. and Rabbertz, K. and Wobisch, M.",
      title          = "{FastNLO: Fast pQCD calculations for PDF fits}",
      pages          = "483-486",
      year           = "2006",
      eprint         = "hep-ph/0609285",
      archivePrefix  = "arXiv",
      primaryClass   = "hep-ph",
      reportNumber   = "DESY-06-186, FERMILAB-CONF-06-352-E",
      SLACcitation   = "%%CITATION = HEP-PH/0609285;%%",
}


% CT10
@article{Lai:2010vv,
      author         = "Lai, Hung-Liang and Guzzi, Marco and Huston, Joey and Li,
                        Zhao and Nadolsky, Pavel M. and others",
      title          = "{New parton distributions for collider physics}",
      journal        = "Phys.Rev.",
      volume         = "D82",
      pages          = "074024",
      doi            = "10.1103/PhysRevD.82.074024",
      year           = "2010",
      eprint         = "1007.2241",
      archivePrefix  = "arXiv",
      primaryClass   = "hep-ph",
      reportNumber   = "MSUHEP-100707, SMU-HEP-10-10",
      SLACcitation   = "%%CITATION = ARXIV:1007.2241;%%",
}


% MSTW2008
@article{Martin:2009iq,
      author         = "Martin, A.D. and Stirling, W.J. and Thorne, R.S. and
                        Watt, G.",
      title          = "{Parton distributions for the LHC}",
      journal        = "Eur.Phys.J.",
      volume         = "C63",
      pages          = "189-285",
      doi            = "10.1140/epjc/s10052-009-1072-5",
      year           = "2009",
      eprint         = "0901.0002",
      archivePrefix  = "arXiv",
      primaryClass   = "hep-ph",
      reportNumber   = "IPPP-08-95, DCPT-08-190, CAVENDISH-HEP-08-16",
      SLACcitation   = "%%CITATION = ARXIV:0901.0002;%%",
}

@article{Nagy:01,
   author      = {Z Nagy and Z Trocsanyi},
   journal     = {Phys. Rev. Lett.},
   title       = {Multijet Cross Sections in Deep Inelastic Scattering at Next-to-Leading Order},
   pages       = {82001},
   volume      = {87},
   year        = {2001},
}


@article{Nagy:99,
   author      = {Z Nagy and Z Trocsanyi},
   journal     = {Phys. Rev. D},
   title       = {Next-to-leading order calculation of four-jet observables in electron-positron annihilation},
   pages       = {14020},
   volume      = {59},
   year        = {1999},
}

% HERAPDF 1.7
@article{Nowak:12,
      author         = {{K. Nowak {\it et al.}}},
      title          = {{QCD NLO analysis of inclusive, charm and jet data (HERAPDF~1.7)}},
      year           = {2012},
      journal        = "these proceedings",
}

@article{Pascaud:1994vx,
      author         = "Pascaud, C. and Zomer, F.",
      title          = "{Fast method to integrate linear integrodifferential
                        equations}",
      year           = "1994",
      journal        = "LAL-94-42",
      reportNumber   = "LAL-94-42",
      SLACcitation   = "%%CITATION = LAL-94-42 ETC.;%%",
}

%LHAPDF
@article{Whalley:2005nh,
      author         = "Whalley, M.R. and Bourilkov, D. and Group, R.C.",
      title          = "{The Les Houches accord PDFs (LHAPDF) and LHAGLUE}",
      year           = "2005",
      eprint         = "hep-ph/0508110",
      archivePrefix  = "arXiv",
      primaryClass   = "hep-ph",
      SLACcitation   = "%%CITATION = HEP-PH/0508110;%%",
}

@phdthesis{Wobisch:00,
   author      = {M Wobisch},
   type        = {Dissertation},
   school      = {RWTH Aachen},
   address     = {DESY-THESIS-2000-049},
   year        = {2000},
   %title       = {Measurement and QCD Analysis of Jet Cross Sections in Deep-Inelastic Positron-Proton Collisions at $\sqrt{s}=300$ GeV},
}




@article{Wobisch:2011ij,
      author         = "Wobisch, M. and Britzger, D. and Kluge, T. and Rabbertz,
                        K. and Stober, F.",
      title          = "{Theory-Data Comparisons for Jet Measurements in
                        Hadron-Induced Processes}",
      collaboration  = "fastNLO Collaboration",
      year           = "2011",
      eprint         = "1109.1310",
      archivePrefix  = "arXiv",
      primaryClass   = "hep-ph",
      reportNumber   = "DESY-11-150, FERMILAB-PUB-11-418-PPD",
      SLACcitation   = "%%CITATION = ARXIV:1109.1310;%%",
}
