% This file was created with JabRef 2.7.2.
% Encoding: ISO8859_1

@ARTICLE{Ball:2008by,
  author = {Ball, Richard D. and others},
  title = {{A determination of parton distributions with faithful uncertainty
	estimation}},
  journal = {Nucl. Phys.},
  year = {2009},
  volume = {B809},
  pages = {1},
  archiveprefix = {arXiv},
  collaboration = {NNPDF},
  doi = {10.1016/j.nuclphysb.2008.09.037},
  eprint = {0808.1231},
  file = {NNPDF_NPB809_2009_Ball2008by.pdf:Theory/Pubs/NNPDF_NPB809_2009_Ball2008by.pdf:PDF},
  owner = {rabbertz},
  primaryclass = {hep-ph},
  review = {NNPDF1.0 PDF Reference and for Toy MC Method},
  slaccitation = {%%CITATION = 0808.1231;%%},
  timestamp = {2009.03.12}
}

@ARTICLE{Ball:2009zz,
  author = {Ball, Richard D. and others},
  title = {{Benchmarking of parton distributions and their uncertainties}},
  note = {Prepared for HERA and the LHC: 4th Workshop on the Implications of
	HERA for LHC Physics, Geneva, Switzerland, 26-30 May 2008},
  doi = {10.3204/DESY-PROC-2009-02/60},
  file = {PDFBenchmarking_DESY-PROC-02_2009_Ball2009zz.pdf:Theory/Pubs/PDFBenchmarking_DESY-PROC-02_2009_Ball2009zz.pdf:PDF},
  owner = {rabbertz},
  timestamp = {2010.12.20}
}

@ARTICLE{Ball:2010de,
  author = {Ball, Richard D. and others},
  title = {{A first unbiased global NLO determination of parton distributions
	and their uncertainties}},
  journal = {Nucl. Phys.},
  year = {2010},
  volume = {B838},
  pages = {136-206},
  archiveprefix = {arXiv},
  doi = {10.1016/j.nuclphysb.2010.05.008},
  eprint = {1002.4407},
  file = {NNPDF_PH_1002.4407v1_Ball2010de.pdf:Phenomenology/NNPDF_PH_1002.4407v1_Ball2010de.pdf:PDF;NNPDF20_NPB838_2010_Ball2010de.pdf:Theory/Pubs/NNPDF20_NPB838_2010_Ball2010de.pdf:PDF},
  owner = {rabbertz},
  primaryclass = {hep-ph},
  review = {NNPDF2.0 PDF Reference},
  slaccitation = {%%CITATION = 1002.4407;%%},
  timestamp = {2010.12.20}
}

@ARTICLE{Ball:2011mu,
  author = {Ball, Richard D. and others},
  title = {{Impact of Heavy Quark Masses on Parton Distributions and LHC Phenomenology}},
  journal = {Nucl. Phys.},
  year = {2011},
  volume = {B849},
  pages = {296-363},
  archiveprefix = {arXiv},
  doi = {10.1016/j.nuclphysb.2011.03.021},
  eprint = {1101.1300},
  owner = {rabbertz},
  primaryclass = {hep-ph},
  review = {NNPDF2.1 PDF Reference},
  slaccitation = {%%CITATION = 1101.1300;%%},
  timestamp = {2011.06.25}
}

@ARTICLE{Wobisch:2011ij,
  author = {Wobisch, M. and Britzger, D. and Kluge, T. and Rabbertz, K. and Stober,
	F.},
  title = {{Theory-Data Comparisons for Jet Measurements in Hadron-Induced Processes}},
  year = {2011},
  archiveprefix = {arXiv},
  collaboration = {fastNLO},
  eprint = {1109.1310},
  owner = {rabbertz},
  primaryclass = {hep-ph},
  timestamp = {2011.11.23}
}

@ARTICLE{Lai:1994bb,
  author = {Lai, H. L. and others},
  title = {{Global QCD analysis and the CTEQ parton distributions}},
  journal = {Phys. Rev.},
  year = {1995},
  volume = {D51},
  pages = {4763},
  archiveprefix = {arXiv},
  doi = {10.1103/PhysRevD.51.4763},
  eprint = {hep-ph/9410404},
  owner = {rabbertz},
  slaccitation = {%%CITATION = HEP-PH/9410404;%%},
  timestamp = {2009.03.02}
}

@ARTICLE{Lai:1999wy,
  author = {Lai, H.L. and Huston, J. and Kuhlmann, S. and Morfin, J. and Olness,
	F. and others},
  title = {{Global QCD analysis of parton structure of the nucleon: CTEQ5 parton
	distributions}},
  journal = {Eur. Phys. J.},
  year = {2000},
  volume = {C12},
  pages = {375},
  archiveprefix = {arXiv},
  doi = {10.1007/s100529900196},
  eprint = {hep-ph/9903282},
  owner = {rabbertz},
  review = {CTEQ5 PDF Reference},
  slaccitation = {%%CITATION = HEP-PH/9903282;%%},
  timestamp = {2009.03.03}
}

@ARTICLE{Lai:2010vv,
  author = {Lai, Hung-Liang and others},
  title = {{New parton distributions for collider physics}},
  journal = {Phys. Rev.},
  year = {2010},
  volume = {D82},
  pages = {074024},
  archiveprefix = {arXiv},
  doi = {10.1103/PhysRevD.82.074024},
  eprint = {1007.2241},
  file = {CT10_PRD82_2010_Lai2010vv.pdf:Theory/Pubs/CT10_PRD82_2010_Lai2010vv.pdf:PDF},
  owner = {rabbertz},
  primaryclass = {hep-ph},
  review = {CT10 PDF Reference},
  slaccitation = {%%CITATION = 1007.2241;%%},
  timestamp = {2010.12.20}
}

@ARTICLE{CMS-PAP-QCD-10-011,
  author = {{CMS Collaboration}},
  title = {{Measurement of the Inclusive Jet Cross Section in pp Collisions
	at $\sqrt{s} = 7\,$TeV}},
  journal = {Phys. Rev. Lett.},
  year = {2011},
  volume = {107},
  pages = {132001},
  archiveprefix = {arXiv},
  doi = {10.1103/PhysRevLett.107.132001},
  eprint = {1106.0208},
  key = {Chatrchyan:2011mea; Chatrchyan, Serguei and others},
  primaryclass = {hep-ex}
}

@ARTICLE{Whalley:2005nh,
  author = {Whalley, M. R. and Bourilkov, D. and Group, R. C.},
  title = {{The Les Houches Accord PDFs (LHAPDF) and Lhaglue}},
  year = {2005},
  archiveprefix = {arXiv},
  eprint = {hep-ph/0508110},
  file = {LHAPDF_hepph0508110v1_Whalley2005nh.pdf:Theory/Pubs/LHAPDF_hepph0508110v1_Whalley2005nh.pdf:PDF},
  owner = {rabbertz},
  review = {The LHAPDF Reference},
  slaccitation = {%%CITATION = HEP-PH/0508110;%%},
  timestamp = {2009.03.22}
}

@ARTICLE{Pumplin:2002vw,
  author = {Pumplin, J. and Stump, D.R. and Huston, J. and Lai, H.L. and Nadolsky,
	Pavel M. and others},
  title = {{New generation of parton distributions with uncertainties from global
	QCD analysis}},
  journal = {JHEP},
  year = {2002},
  volume = {07},
  pages = {012},
  archiveprefix = {arXiv},
  doi = {10.1088/1126-6708/2002/07/012},
  eprint = {hep-ph/0201195},
  file = {CTEQPDFWithUncert_JHEP07_2002_Pumplin2002vw.pdf:Theory/Pubs/CTEQPDFWithUncert_JHEP07_2002_Pumplin2002vw.pdf:PDF},
  owner = {rabbertz},
  review = {CTEQ6L1 PDF Reference},
  slaccitation = {%%CITATION = HEP-PH/0201195;%%},
  timestamp = {2009.03.02}
}

@TECHREPORT{CMS-NOTE-2011-004,
  author = {{CMS Collaboration} and Rabbertz, K.},
  title = {{Comparison of Inclusive Jet and Dijet Mass Cross Sections at $\sqrt{s}
	= 7\,$TeV with Predictions of perturbative QCD}},
  institution = {CERN},
  year = {2011},
  type = {CMS Note},
  number = {\href{http://cdsweb.cern.ch/record/1368241}{2011-004}},
  address = {Geneva},
  month = jun,
  owner = {rabbertz},
  timestamp = {2011.09.03},
  url = {http://cdsweb.cern.ch/record/1368241}
}

@comment{jabref-meta: selector_publisher:}

@comment{jabref-meta: selector_author:}

@comment{jabref-meta: fileDirectory:/L:/rabbertz/Eigene Dateien/Physic
s;}

@comment{jabref-meta: selector_journal:}

@comment{jabref-meta: selector_keywords:}

