@ARTICLE{GRV,
  author = {Gluck, M. and Reya, E. and Vogt, A.},
  title = {Dynamical parton distributions revisited},
  journal = {Eur.Phys.J.},
  year = {1998},
  volume = {C5},
  pages = {461-470},
  archiveprefix = {arXiv},
  doi = {10.1007/s100520050289},
  eprint = {hep-ph/9806404},
  primaryclass = {hep-ph},
  reportnumber = {DO-TH-98-07, WUE-ITP-98-019},
  slaccitation = {%%CITATION = HEP-PH/9806404;%%}
}

@article{Gleisberg:2008ta,
      author         = "Gleisberg, T. and Hoeche, Stefan. and Krauss, F. and
                        Schonherr, M. and Schumann, S. and Siegert, F. and Winter,
                        J.",
      title          = "{Event generation with SHERPA 1.1}",
      journal        = "JHEP",
      volume         = "02",
      year           = "2009",
      pages          = "007",
      doi            = "10.1088/1126-6708/2009/02/007",
      eprint         = "0811.4622",
      archivePrefix  = "arXiv",
      primaryClass   = "hep-ph",
      reportNumber   = "FERMILAB-PUB-08-477-T, SLAC-PUB-13420, ZU-TH-17-08,
                        DCPT-08-138, IPPP-08-69, EDINBURGH-2008-30, MCNET-08-14",
      SLACcitation   = "%%CITATION = ARXIV:0811.4622;%%"
}

@article{Buckley:2014ana,
      author         = "Buckley, Andy and Ferrando, James and Lloyd, Stephen and
                        Nordström, Karl and Page, Ben and Rüfenacht, Martin and
                        Schönherr, Marek and Watt, Graeme",
      title          = "{LHAPDF6: parton density access in the LHC precision
                        era}",
      journal        = "Eur. Phys. J.",
      volume         = "C75",
      year           = "2015",
      number         = "3",
      pages          = "132",
      doi            = "10.1140/epjc/s10052-015-3318-8",
      eprint         = "1412.7420",
      archivePrefix  = "arXiv",
      primaryClass   = "hep-ph",
      reportNumber   = "GLAS-PPE-2014-05, MCNET-14-29, IPPP-14-111, DCPT-14-222",
      SLACcitation   = "%%CITATION = ARXIV:1412.7420;%%"
}

@inproceedings{Bourilkov:2006cj,
      author         = "Bourilkov, D and Group, R C and Whalley, M R",
      title          = "{LHAPDF: PDF use from the Tevatron to the LHC}",
      booktitle      = "{TeV4LHC Workshop - 4th meeting Batavia, Illinois,
                        October 20-22, 2005}",
      year           = "2006",
      eprint         = "hep-ph/0605240",
      archivePrefix  = "arXiv",
      primaryClass   = "hep-ph",
      SLACcitation   = "%%CITATION = HEP-PH/0605240;%%"
}

@article{Chatrchyan:2013txa,
      author         = "Chatrchyan, Serguei and others",
      title          = "{Measurement of the ratio of the inclusive 3-jet cross
                        section to the inclusive 2-jet cross section in pp
                        collisions at $\sqrt{s}$ = 7 TeV and first determination
                        of the strong coupling constant in the TeV range}",
      collaboration  = "CMS",
      journal        = "Eur. Phys. J.",
      volume         = "C73",
      year           = "2013",
      number         = "10",
      pages          = "2604",
      doi            = "10.1140/epjc/s10052-013-2604-6",
      eprint         = "1304.7498",
      archivePrefix  = "arXiv",
      primaryClass   = "hep-ex",
      reportNumber   = "CMS-QCD-11-003, CERN-PH-EP-2013-057",
      SLACcitation   = "%%CITATION = ARXIV:1304.7498;%%"
}

@article{CMS:2014mna,
      author         = "Khachatryan, Vardan and others",
      title          = "{Measurement of the inclusive 3-jet production
                        differential cross section in proton-proton collisions
                        at 7 TeV and determination of the strong coupling
                        constant in the TeV range}",
      collaboration  = "CMS",
      journal        = "Eur. Phys. J.",
      volume         = "C75",
      year           = "2015",
      number         = "5",
      pages          = "186",
      doi            = "10.1140/epjc/s10052-015-3376-y",
      eprint         = "1412.1633",
      archivePrefix  = "arXiv",
      primaryClass   = "hep-ex",
      reportNumber   = "CMS-SMP-12-027, CERN-PH-EP-2014-287",
      SLACcitation   = "%%CITATION = ARXIV:1412.1633;%%"
}

@article{Ball:2011uy,
      author         = "Ball, Richard D. and Bertone, Valerio and Cerutti,
                        Francesco and Del Debbio, Luigi and Forte, Stefano and
                        Guffanti, Alberto and Latorre, Jose I. and Rojo, Juan and
                        Ubiali, Maria",
      title          = "{Unbiased global determination of parton distributions
                        and their uncertainties at NNLO and at LO}",
      collaboration  = "NNPDF",
      journal        = "Nucl. Phys.",
      volume         = "B855",
      year           = "2012",
      pages          = "153-221",
      doi            = "10.1016/j.nuclphysb.2011.09.024",
      eprint         = "1107.2652",
      archivePrefix  = "arXiv",
      primaryClass   = "hep-ph",
      reportNumber   = "EDINBURGH-2011-14, IFUM-979-FT, FR-PHENO-2011-010,
                        RWTH-TTK-11-24",
      SLACcitation   = "%%CITATION = ARXIV:1107.2652;%%"
}

@article{Martin:2009iq,
      author         = "Martin, A. D. and Stirling, W. J. and Thorne, R. S. and
                        Watt, G.",
      title          = "{Parton distributions for the LHC}",
      journal        = "Eur. Phys. J.",
      volume         = "C63",
      year           = "2009",
      pages          = "189-285",
      doi            = "10.1140/epjc/s10052-009-1072-5",
      eprint         = "0901.0002",
      archivePrefix  = "arXiv",
      primaryClass   = "hep-ph",
      reportNumber   = "IPPP-08-95, DCPT-08-190, CAVENDISH-HEP-08-16",
      SLACcitation   = "%%CITATION = ARXIV:0901.0002;%%"
}

@article{Affolder:2001hn,
      author         = "Affolder, T. and others",
      title          = "{Measurement of the strong coupling constant from
                        inclusive jet production at the Tevatron $\bar{p}p$
                        collider}",
      collaboration  = "CDF",
      journal        = "Phys. Rev. Lett.",
      volume         = "88",
      year           = "2002",
      pages          = "042001",
      doi            = "10.1103/PhysRevLett.88.042001",
      eprint         = "hep-ex/0108034",
      archivePrefix  = "arXiv",
      primaryClass   = "hep-ex",
      reportNumber   = "FERMILAB-PUB-01-246-E",
      SLACcitation   = "%%CITATION = HEP-EX/0108034;%%"
}
@article{Buckley:2010ar,
      author         = "Buckley, Andy and Butterworth, Jonathan and Lonnblad,
                        Leif and Grellscheid, David and Hoeth, Hendrik and Monk,
                        James and Schulz, Holger and Siegert, Frank",
      title          = "{Rivet user manual}",
      journal        = "Comput. Phys. Commun.",
      volume         = "184",
      year           = "2013",
      pages          = "2803-2819",
      doi            = "10.1016/j.cpc.2013.05.021",
      eprint         = "1003.0694",
      archivePrefix  = "arXiv",
      primaryClass   = "hep-ph",
      reportNumber   = "MCNET-10-03",
      SLACcitation   = "%%CITATION = ARXIV:1003.0694;%%"
}

@article{Guzzi:2014wia,
      author         = "Guzzi, Marco and Lipka, Katerina and Moch, Sven-Olaf",
      title          = "{Top-quark pair production at hadron colliders:
                        differential cross section and phenomenological
                        applications with DiffTop}",
      journal        = "JHEP",
      volume         = "01",
      year           = "2015",
      pages          = "082",
      doi            = "10.1007/JHEP01(2015)082",
      eprint         = "1406.0386",
      archivePrefix  = "arXiv",
      primaryClass   = "hep-ph",
      reportNumber   = "DESY-14-077, LPN-14-076, SFB-CPP-14-27",
      SLACcitation   = "%%CITATION = ARXIV:1406.0386;%%"
}

@article{Salam:2008qg,
      author         = "Salam, Gavin P. and Rojo, Juan",
      title          = "{A Higher Order Perturbative Parton Evolution Toolkit
                        (HOPPET)}",
      journal        = "Comput. Phys. Commun.",
      volume         = "180",
      year           = "2009",
      pages          = "120-156",
      doi            = "10.1016/j.cpc.2008.08.010",
      eprint         = "0804.3755",
      archivePrefix  = "arXiv",
      primaryClass   = "hep-ph",
      SLACcitation   = "%%CITATION = ARXIV:0804.3755;%%"
}

@inproceedings{Kluge:2006xs,
      author         = "Kluge, T. and Rabbertz, K. and Wobisch, M.",
      title          = "{FastNLO: Fast pQCD calculations for PDF fits}",
      booktitle      = "{Deep inelastic scattering. Proceedings, 14th
                        International Workshop, DIS 2006, Tsukuba, Japan, April
                        20-24, 2006}",
      url            = "http://lss.fnal.gov/cgi-bin/find_paper.pl?conf-06-352",
      year           = "2006",
      pages          = "483-486",
      eprint         = "hep-ph/0609285",
      archivePrefix  = "arXiv",
      primaryClass   = "hep-ph",
      reportNumber   = "DESY-06-186, FERMILAB-CONF-06-352-E",
      SLACcitation   = "%%CITATION = HEP-PH/0609285;%%"
}

@article{Wobisch:2011ij,
      author         = "Wobisch, M. and Britzger, D. and Kluge, T. and Rabbertz,
                        K. and Stober, F.",
      title          = "{Theory-Data Comparisons for Jet Measurements in
                        Hadron-Induced Processes}",
      collaboration  = "fastNLO",
      year           = "2011",
      eprint         = "1109.1310",
      archivePrefix  = "arXiv",
      primaryClass   = "hep-ph",
      reportNumber   = "DESY-11-150, FERMILAB-PUB-11-418-PPD",
      SLACcitation   = "%%CITATION = ARXIV:1109.1310;%%"
}

@inproceedings{Britzger:2012bs,
      author         = "Britzger, Daniel and Rabbertz, Klaus and Stober, Fred and
                        Wobisch, Markus",
      title          = "{New features in version 2 of the fastNLO project}",
      booktitle      = "{Proceedings, 20th International Workshop on
                        Deep-Inelastic Scattering and Related Subjects (DIS
                        2012)}",
      collaboration  = "fastNLO",
      url            = "http://inspirehep.net/record/1128033/files/arXiv:1208.3641.pdf",
      year           = "2012",
      pages          = "217-221",
      doi            = "10.3204/DESY-PROC-2012-02/165",
      eprint         = "1208.3641",
      archivePrefix  = "arXiv",
      primaryClass   = "hep-ph",
      SLACcitation   = "%%CITATION = ARXIV:1208.3641;%%"
}

@article{Rojo:2015acz,
      author         = "Rojo, Juan and others",
      title          = "{The PDF4LHC report on PDFs and LHC data: Results from
                        Run I and preparation for Run II}",
      journal        = "J. Phys.",
      volume         = "G42",
      year           = "2015",
      pages          = "103103",
      doi            = "10.1088/0954-3899/42/10/103103",
      eprint         = "1507.00556",
      archivePrefix  = "arXiv",
      primaryClass   = "hep-ph",
      reportNumber   = "OUTP-15-11P, LCTS-2015-14, GLAS-PPE-2015-01, DESY-15-088,
                        JLAB-THY-15-2064, CERN-PH-TH-2015-150, --JLAB-THY-15-2064",
      SLACcitation   = "%%CITATION = ARXIV:1507.00556;%%"
}

@article{Abramowicz:2015mha,
      author         = "Abramowicz, H. and others",
      title          = "{Combination of Measurements of Inclusive Deep Inelastic
                        $e^{\pm}p$ Scattering Cross Sections and QCD Analysis of
                        HERA Data}",
      collaboration  = "ZEUS, H1",
      year           = "2015",
      eprint         = "1506.06042",
      archivePrefix  = "arXiv",
      primaryClass   = "hep-ex",
      reportNumber   = "DESY-15-039",
      SLACcitation   = "%%CITATION = ARXIV:1506.06042;%%"
}

@article{Owens:2012bv,
      author         = "Owens, J. F. and Accardi, A. and Melnitchouk, W.",
      title          = "{Global parton distributions with nuclear and
                        finite-$Q^2$ corrections}",
      journal        = "Phys. Rev.",
      volume         = "D87",
      year           = "2013",
      number         = "9",
      pages          = "094012",
      doi            = "10.1103/PhysRevD.87.094012",
      eprint         = "1212.1702",
      archivePrefix  = "arXiv",
      primaryClass   = "hep-ph",
      reportNumber   = "JLAB-THY-13-5",
      SLACcitation   = "%%CITATION = ARXIV:1212.1702;%%"
}

@article{Ball:2014uwa,
      author         = "Ball, Richard D. and others",
      title          = "{Parton distributions for the LHC Run II}",
      collaboration  = "NNPDF",
      journal        = "JHEP",
      volume         = "04",
      year           = "2015",
      pages          = "040",
      doi            = "10.1007/JHEP04(2015)040",
      eprint         = "1410.8849",
      archivePrefix  = "arXiv",
      primaryClass   = "hep-ph",
      reportNumber   = "EDINBURGH-2014-15, IFUM-1034-FT, CERN-PH-TH-2013-253,
                        OUTP-14-11P, CAVENDISH-HEP-14-11",
      SLACcitation   = "%%CITATION = ARXIV:1410.8849;%%"
}

@article{Harland-Lang:2014zoa,
      author         = "Harland-Lang, L. A. and Martin, A. D. and Motylinski, P.
                        and Thorne, R. S.",
      title          = "{Parton distributions in the LHC era: MMHT 2014 PDFs}",
      journal        = "Eur. Phys. J.",
      volume         = "C75",
      year           = "2015",
      number         = "5",
      pages          = "204",
      doi            = "10.1140/epjc/s10052-015-3397-6",
      eprint         = "1412.3989",
      archivePrefix  = "arXiv",
      primaryClass   = "hep-ph",
      reportNumber   = "LCTS-2014-47, IPPP-14-97, DCPT-14-194",
      SLACcitation   = "%%CITATION = ARXIV:1412.3989;%%"
}

@article{Alekhin:2013nda,
      author         = "Alekhin, S. and Blumlein, J. and Moch, S.",
      title          = "{The ABM parton distributions tuned to LHC data}",
      journal        = "Phys. Rev.",
      volume         = "D89",
      year           = "2014",
      number         = "5",
      pages          = "054028",
      doi            = "10.1103/PhysRevD.89.054028",
      eprint         = "1310.3059",
      archivePrefix  = "arXiv",
      primaryClass   = "hep-ph",
      reportNumber   = "DESY-13-183, DO-TH-13-26, SFB-CPP-13-71, LPN-13-068",
      SLACcitation   = "%%CITATION = ARXIV:1310.3059;%%"
}

@article{Dulat:2015mca,
      author         = "Dulat, Sayipjamal and Hou, Tie Jiun and Gao, Jun and
                        Guzzi, Marco and Huston, Joey and Nadolsky, Pavel and
                        Pumplin, Jon and Schmidt, Carl and Stump, Daniel and Yuan,
                        C. P.",
      title          = "{The CT14 Global Analysis of Quantum Chromodynamics}",
      year           = "2015",
      eprint         = "1506.07443",
      archivePrefix  = "arXiv",
      primaryClass   = "hep-ph",
      SLACcitation   = "%%CITATION = ARXIV:1506.07443;%%"
}

@article{DelDebbio:2013kxa,
      author         = "Del Debbio, Luigi and Hartland, Nathan P. and Schumann,
                        Steffen",
      title          = "{MCgrid: projecting cross section calculations on grids}",
      journal        = "Comput. Phys. Commun.",
      volume         = "185",
      year           = "2014",
      pages          = "2115-2126",
      doi            = "10.1016/j.cpc.2014.03.023",
      eprint         = "1312.4460",
      archivePrefix  = "arXiv",
      primaryClass   = "hep-ph",
      reportNumber   = "MCNET-13-21, EDINBURGH-2013-36",
      SLACcitation   = "%%CITATION = ARXIV:1312.4460;%%"
}

@ARTICLE{Aad:2011fc,
  author = {Aad, Georges and others},
  title = {{Measurement of inclusive jet and dijet production in pp collisions
	at sqrt(s) = 7 TeV using the ATLAS detector}},
  year = {2011},
  archiveprefix = {arXiv},
  collaboration = {ATLAS Collaboration},
  eprint = {1112.6297},
  primaryclass = {hep-ex},
  reportnumber = {CERN-PH-EP-2011-192},
  slaccitation = {%%CITATION = ARXIV:1112.6297;%%}
}

@ARTICLE{Alekhin:2011sk,
  author = {Alekhin, Sergey and Alioli, Simone and Ball, Richard D. and Bertone,
	Valerio and Bl{\"u}mlein, Johannes and others},
  title = {{The PDF4LHC Working Group Interim Report}},
  year = {2011},
  archiveprefix = {arXiv},
  eprint = {1101.0536},
  primaryclass = {hep-ph},
  slaccitation = {%%CITATION = ARXIV:1101.0536;%%}
}

@ARTICLE{Alekhin:2012ig,
  author = {Alekhin, S. and Bl{\"u}mlein, J. and Moch, S.},
  title = {{Parton distribution functions and benchmark cross sections at NNLO}},
  year = {2012},
  archiveprefix = {arXiv},
  eprint = {1202.2281},
  primaryclass = {hep-ph},
  reportnumber = {DESY-12-023, DO-TH-11-31, LPN-12-033, SFB-CPP-12-08},
  slaccitation = {%%CITATION = ARXIV:1202.2281;%%}
}

@ARTICLE{Ball:2011mu,
  author = {Ball, Richard D. and Bertone, Valerio and Cerutti, Francesco and
	Del Debbio, Luigi and Forte, Stefano and others},
  title = {{Impact of Heavy Quark Masses on Parton Distributions and LHC Phenomenology}},
  journal = {Nucl.Phys.},
  year = {2011},
  volume = {B849},
  pages = {296-363},
  archiveprefix = {arXiv},
  doi = {10.1016/j.nuclphysb.2011.03.021},
  eprint = {1101.1300},
  primaryclass = {hep-ph},
  reportnumber = {EDINBURGH-2011-01, IFUM-969-FT, FR-PHENO-2010-043, RWTH-TTK-11-02},
  slaccitation = {%%CITATION = ARXIV:1101.1300;%%}
}

@MISC{Fnlo:2012:Online,
  author = {Britzger, D. and Kluge, T. and Rabbertz, K. and Stober, F. and Wobisch,
	M.},
  title = {The {fastNLO} homepage at {HepForge}},
  url = {http://fastnlo.hepforge.org/}
}

@ARTICLE{Kidonakis:2000gi,
  author = {Kidonakis, Nikolaos and Owens, J.F.},
  title = {{Effects of higher order threshold corrections in high E(T) jet production}},
  journal = {Phys.Rev.},
  year = {2001},
  volume = {D63},
  pages = {054019},
  archiveprefix = {arXiv},
  doi = {10.1103/PhysRevD.63.054019},
  eprint = {hep-ph/0007268},
  primaryclass = {hep-ph},
  reportnumber = {FSU-HEP-2000-0720},
  slaccitation = {%%CITATION = HEP-PH/0007268;%%}
}

@ARTICLE{Lai:2010vv,
  author = {Lai, Hung-Liang and Guzzi, Marco and Huston, Joey and Li, Zhao and
	Nadolsky, Pavel M. and others},
  title = {{New parton distributions for collider physics}},
  journal = {Phys.Rev.},
  year = {2010},
  volume = {D82},
  pages = {074024},
  archiveprefix = {arXiv},
  doi = {10.1103/PhysRevD.82.074024},
  eprint = {1007.2241},
  primaryclass = {hep-ph},
  reportnumber = {MSUHEP-100707, SMU-HEP-10-10},
  slaccitation = {%%CITATION = ARXIV:1007.2241;%%}
}

@ARTICLE{Nagy:1998bb,
  author = {Nagy, Zoltan and Trocsanyi, Zoltan},
  title = {Next-to-leading order calculation of four-jet observables in electron
	positron annihilation},
  journal = {Phys. Rev.},
  year = {1999},
  volume = {D59},
  pages = {014020},
  archiveprefix = {arXiv},
  doi = {10.1103/PhysRevD.59.014020},
  eprint = {hep-ph/9806317},
  review = {NLOJet++ ee Referenz},
  slaccitation = {%%CITATION = HEP-PH/9806317;%%}
}

@ARTICLE{Nagy:2001fj,
  author = {Nagy, Zoltan},
  title = {Three-jet cross sections in hadron hadron collisions at next-to-leading
	order},
  journal = {Phys. Rev. Lett.},
  year = {2002},
  volume = {88},
  pages = {122003},
  archiveprefix = {arXiv},
  doi = {10.1103/PhysRevLett.88.122003},
  eprint = {hep-ph/0110315},
  review = {NLOJet++ hh Referenz},
  slaccitation = {%%CITATION = HEP-PH/0110315;%%}
}

@ARTICLE{Nagy:2001xb,
  author = {Nagy, Zoltan and Trocsanyi, Zoltan},
  title = {{Multi-jet cross sections in deep inelastic scattering at next-to-leading
	order}},
  journal = {Phys. Rev. Lett.},
  year = {2001},
  volume = {87},
  pages = {082001},
  archiveprefix = {arXiv},
  doi = {10.1103/PhysRevLett.87.082001},
  eprint = {hep-ph/0104315},
  review = {NLOJet++ ep Referenz},
  slaccitation = {%%CITATION = HEP-PH/0104315;%%}
}

@ARTICLE{Nagy:2003tz,
  author = {Nagy, Zoltan},
  title = {Next-to-leading order calculation of three-jet observables in hadron-hadron
	collision},
  journal = {Phys. Rev.},
  year = {2003},
  volume = {D68},
  pages = {094002},
  archiveprefix = {arXiv},
  doi = {10.1103/PhysRevD.68.094002},
  eprint = {hep-ph/0307268},
  review = {NLOJet++ hh Referenz},
  slaccitation = {%%CITATION = HEP-PH/0307268;%%}
}

@MISC{Nowak:12,
  author = {Nowak, K. and others},
  year = {2012},
  note = {to appear in these proceedings}
}

@ARTICLE{Pascaud:1994vx,
  author = {Pascaud, C. and Zomer, F.},
  title = {{Fast method to integrate linear integrodifferential equations}},
  journal = {LAL-94-42},
  year = {1994},
  reportnumber = {LAL-94-42},
  slaccitation = {%%CITATION = LAL-94-42 ETC.;%%}
}

@ARTICLE{Whalley:2005nh,
  author = {Whalley, M.R. and Bourilkov, D. and Group, R.C.},
  title = {{The Les Houches accord PDFs (LHAPDF) and LHAGLUE}},
  year = {2005},
  archiveprefix = {arXiv},
  eprint = {hep-ph/0508110},
  primaryclass = {hep-ph},
  slaccitation = {%%CITATION = HEP-PH/0508110;%%}
}

@PHDTHESIS{Wobisch:00,
  author = {M Wobisch},
  school = {RWTH Aachen},
  year = {2000},
  type = {Dissertation},
  address = {DESY-THESIS-2000-049},
  title = {{Measurement and QCD Analysis of Jet Cross Sections in Deep-Inelastic Positron-Proton Collisions at $\sqrt{s}=300$ GeV}}
}
